% evogym paper
@article{bhatia2021evolution,
  title={Evolution gym: A large-scale benchmark for evolving soft robots},
  author={Bhatia, Jagdeep and Jackson, Holly and Tian, Yunsheng and Xu, Jie and Matusik, Wojciech},
  journal={Advances in Neural Information Processing Systems},
  volume={34},
  year={2021}
}

% QD intro
@inproceedings{nordmoen2020quality,
  title={Quality and Diversity in Evolutionary Modular Robotics},
  author={Nordmoen, J{\o}rgen and Veenstra, Frank and Ellefsen, Kai Olav and Glette, Kyrre},
  booktitle={2020 IEEE Symposium Series on Computational Intelligence (SSCI)},
  pages={2109--2116},
  year={2020},
  organization={IEEE}
}

% soft robot intro
@Article{Rus2015,
    author={Rus, Daniela and Tolley, Michael T.},
    title={Design, fabrication and control of soft robots},
    journal={Nature},
    year={2015},
    month={May},
    day={01},
    volume={521},
    number={7553},
    pages={467-475},
    doi={10.1038/nature14543},
    url={https://doi.org/10.1038/nature14543}
}

% embodied intelligence
@Article{Cianchetti2021,
    author={Cianchetti, Matteo},
    title={Embodied Intelligence in Soft Robotics Through Hardware Multifunctionality},
    journal={Frontiers in robotics and AI},
    year={2021},
    month={Nov},
    day={17},
    publisher={Frontiers Media S.A.},
    volume={8},
    pages={724056-724056},
    keywords={embodied intelligence; morphological computation; soft actuators; soft mechatronics; soft robotics},
    issn={2296-9144},
    doi={10.3389/frobt.2021.724056},
    url={https://pubmed.ncbi.nlm.nih.gov/34869612},
    url={https://doi.org/10.3389/frobt.2021.724056},
    language={eng}
}

% bio-inspired artificial intelligence
@book{Floreano2008,
    author = {Floreano, Dario and Mattiussi, Claudio},
    title = {Bio-Inspired Artificial Intelligence: Theories, Methods, and Technologies},
    year = {2008},
    isbn = {0262062712},
    publisher = {The MIT Press}
}

% evolutionary algorithms
@Inbook{Eiben2015,
    author="Eiben, A. E. and Smith, J. E.",
    title="What Is an Evolutionary Algorithm?",
    bookTitle="Introduction to Evolutionary Computing",
    year="2015",
    publisher="Springer Berlin Heidelberg",
    address="Berlin, Heidelberg",
    pages="25--48",
    isbn="978-3-662-44874-8",
    doi="10.1007/978-3-662-44874-8_3",
    url="https://doi.org/10.1007/978-3-662-44874-8_3"
}

% ea advantages on soft robots
@InProceedings{10.1007/978-3-030-72699-7_14,
    author="Ferigo, Andrea and Iacca, Giovanni and Medvet, Eric",
    editor="Castillo, Pedro A. and Jim{\'e}nez Laredo, Juan Luis",
    title="Beyond Body Shape and Brain: Evolving the Sensory Apparatus of Voxel-Based Soft Robots",
    booktitle="Applications of Evolutionary Computation",
    year="2021",
    publisher="Springer International Publishing",
    address="Cham",
    pages="210--226",
    isbn="978-3-030-72699-7"
}


% QDPY code
@misc{qdpy,
    title = {QDpy: A Python framework for Quality-Diversity},
    author = {Cazenille, L.},
    year = {2018},
    publisher = {GitLab},
    journal = {GitLab repository},
    url = https://gitlab.com/leo.cazenille/qdpy,
    howpublished = {\url{https://gitlab.com/leo.cazenille/qdpy}}
}

% evogym code
@misc{evogym,
  title={Evolution gym: A large-scale benchmark for evolving soft robots},
  author={Bhatia, Jagdeep and Jackson, Holly and Tian, Yunsheng and Xu, Jie and Matusik, Wojciech},
  journal={Advances in Neural Information Processing Systems},
  volume={34},
  year={2021},
  url = https://github.com/EvolutionGym/evogym,
  howpublished = {\url{https://github.com/EvolutionGym/evogym}}
}

% MAP-Elites
@misc{mapelites,
  doi = {10.48550/ARXIV.1504.04909},
  url = {https://arxiv.org/abs/1504.04909},
  author = {Mouret, Jean-Baptiste and Clune, Jeff},
  title = {Illuminating search spaces by mapping elites},
  publisher = {arXiv},
  year = {2015},
  copyright = {arXiv.org perpetual, non-exclusive license}
}


% biomedical applications
@Article{Cianchetti2018,
    author={Cianchetti, Matteo and Laschi, Cecilia and Menciassi, Arianna and Dario, Paolo},
    title={Biomedical applications of soft robotics},
    journal={Nature Reviews Materials},
    year={2018},
    month={Jun},
    day={01},
    volume={3},
    number={6},
    pages={143-153},
    issn={2058-8437},
    doi={10.1038/s41578-018-0022-y},
    url={https://doi.org/10.1038/s41578-018-0022-y}
}

% PPO
@misc{schulman2017proximal,
  title={Proximal Policy Optimization Algorithms}, 
  author={John Schulman and Filip Wolski and Prafulla Dhariwal and Alec Radford and Oleg Klimov},
  year={2017},
  eprint={1707.06347},
  archivePrefix={arXiv},
  primaryClass={cs.LG}
}

% PPO implementation
@misc{kostrikov2018,
    title={Pytorch implementations of reinforcement learning algorithms},
    author={Ilya Kostrikov},
    year={2018},
    howpublished={\url{https://github.com/ikostrikov/pytorch-a2c-ppo-acktr-gail}}
}

% future applications
@INPROCEEDINGS{6696468,
    author={Song, Yun Seong and Sun, Yi and van den Brand, Rubia and von Zitzewitz, Joachim and Micera, Silvestro and Courtine, Gr√©goire and Paik, Jamie},
    booktitle={2013 IEEE/RSJ International Conference on Intelligent Robots and Systems},
    title={Soft robot for gait rehabilitation of spinalized rodents},   year={2013}
}

% future applications
@ARTICLE{Zhang2019-fm,
  title     = "Worm-like soft robot for complicated tubular environments",
  author    = "Zhang, Boyu and Fan, Yingwei and Yang, Penghui and Cao, Tianle
               and Liao, Hongen",
  journal   = "Soft Robot.",
  publisher = "Mary Ann Liebert Inc",
  volume    =  6,
  number    =  3,
  pages     = "399--413",
  month     =  jun,
  year      =  2019,
  keywords  = "compliant tubular environments; multi-DoF; pneumatic; soft
               robotics; worm-like",
  language  = "en"
}

% complext task example
@INPROCEEDINGS{8460667,
    author={Mintchev, S. and Zappetti, D. and Willemin, J. and Floreano, D.},
    booktitle={2018 IEEE International Conference on Robotics and Automation (ICRA)},   title={A Soft Robot for Random Exploration of Terrestrial Environments},
    year={2018},
    volume={},
    number={},
    pages={7492-7497},
    doi={10.1109/ICRA.2018.8460667}
}

% complex task example
@inproceedings{10.1145/2739480.2754662,
    author = {Cheney, Nick and Bongard, Josh and Lipson, Hod},
    title = {Evolving Soft Robots in Tight Spaces},
    year = {2015},
    isbn = {9781450334723},
    publisher = {Association for Computing Machinery},
    url = {https://doi.org/10.1145/2739480.2754662},
    doi = {10.1145/2739480.2754662},
    booktitle = {Proceedings of the 2015 Annual Conference on Genetic and Evolutionary Computation},
    series = {GECCO '15}
}


